@inproceedings{fleischer00,
  author    = {Lisa Fleischer and
               Bruce Hendrickson and
               Ali Pinar},
  title     = {On Identifying Strongly Connected Components in Parallel},
  booktitle = {IPDPS Workshops},
  year      = {2000},
  pages     = {505-511},
  ee        = {http://dx.doi.org/10.1007/3-540-45591-4_68},
  crossref  = {DBLP:conf/ipps/2000w},
  bibsource = {DBLP, http://dblp.uni-trier.de}
}

@proceedings{DBLP:conf/ipps/2000w,
  editor    = {Jos{\'e} D. P. Rolim},
  title     = {Parallel and Distributed Processing, 15 IPDPS 2000 Workshops,
               Cancun, Mexico, May 1-5, 2000, Proceedings},
  booktitle = {IPDPS Workshops},
  publisher = {Springer},
  series    = {Lecture Notes in Computer Science},
  volume    = {1800},
  year      = {2000},
  isbn      = {3-540-67442-X},
  bibsource = {DBLP, http://dblp.uni-trier.de}
}

@article{tarjan72,
  author    = {Robert Endre Tarjan},
  title     = {Depth-First Search and Linear Graph Algorithms},
  journal   = {SIAM J. Comput.},
  volume    = {1},
  number    = {2},
  year      = {1972},
  pages     = {146-160},
  ee        = {http://dx.doi.org/10.1137/0201010},
  bibsource = {DBLP, http://dblp.uni-trier.de}
}

@article{sharir81,
title = "A strong-connectivity algorithm and its applications in data flow analysis ",
journal = "Computers \& Mathematics with Applications ",
volume = "7",
number = "1",
pages = "67 - 72",
year = "1981",
note = "",
issn = "0898-1221",
doi = "http://dx.doi.org/10.1016/0898-1221(81)90008-0",
url = "http://www.sciencedirect.com/science/article/pii/0898122181900080",
author = "M. Sharir"
}
